<record><leader>00000cas a2200000 a 4500</leader><controlfield tag="001">19944970</controlfield><controlfield tag="008">890628c19909999iluwr ne      0   a0eng c</controlfield><datafield ind1=" " ind2=" " tag="010"><subfield code="a">sn 89008311 </subfield></datafield><datafield ind1=" " ind2=" " tag="040"><subfield code="a">NSD</subfield><subfield code="b">eng</subfield><subfield code="c">NSD</subfield><subfield code="d">NVF</subfield><subfield code="d">CVF</subfield><subfield code="d">NVF</subfield><subfield code="d">OCLCQ</subfield><subfield code="d">OCLCF</subfield><subfield code="d">NVF</subfield><subfield code="d">OCLCO</subfield><subfield code="d">OCL</subfield></datafield><datafield ind1=" " ind2=" " tag="012"><subfield code="k">1</subfield><subfield code="m">p</subfield></datafield><datafield ind1="1" ind2=" " tag="022"><subfield code="a">1044-906X</subfield><subfield code="l">1044-906X</subfield><subfield code="y">0745-3752</subfield><subfield code="2">1</subfield></datafield><datafield ind1=" " ind2=" " tag="032"><subfield code="a">972520</subfield><subfield code="b">USPS</subfield></datafield><datafield ind1=" " ind2=" " tag="037"><subfield code="b">Herald-Journal, c/o Pioneer Press, 1148 Westgate, Oak Park, IL 60301</subfield></datafield><datafield ind1=" " ind2=" " tag="042"><subfield code="a">nsdp</subfield><subfield code="a">pcc</subfield></datafield><datafield ind1=" " ind2=" " tag="043"><subfield code="a">n-us-il</subfield></datafield><datafield ind1=" " ind2="0" tag="222"><subfield code="a">Franklin Park herald-journal</subfield></datafield><datafield ind1="0" ind2="0" tag="245"><subfield code="a">Franklin Park herald-journal.</subfield></datafield><datafield ind1="1" ind2="3" tag="246"><subfield code="a">Herald Franklin Park journal</subfield></datafield><datafield ind1="1" ind2="3" tag="246"><subfield code="a">Herald-journal</subfield></datafield><datafield ind1="3" ind2=" " tag="246"><subfield code="a">Franklin Park herald journal</subfield></datafield><datafield ind1="3" ind2=" " tag="246"><subfield code="a">Herald journal</subfield></datafield><datafield ind1=" " ind2=" " tag="260"><subfield code="a">Oak Park, Ill. :</subfield><subfield code="b">Pioneer Press,</subfield><subfield code="c">1990-</subfield></datafield><datafield ind1=" " ind2=" " tag="300"><subfield code="a">v.</subfield></datafield><datafield ind1=" " ind2=" " tag="310"><subfield code="a">Weekly,</subfield><subfield code="b">&lt;Jan. 3, 1996&gt;-</subfield></datafield><datafield ind1=" " ind2=" " tag="321"><subfield code="a">Weekly (except semiweekly in March, June, and Sept.),</subfield><subfield code="b">Dec. 19, 1990-&lt;&gt;</subfield></datafield><datafield ind1="0" ind2=" " tag="362"><subfield code="a">Vol. 20, no. 42 (Dec. 19, 1990)-</subfield></datafield><datafield ind1=" " ind2=" " tag="500"><subfield code="a">"Franklin Park" appears between "Herald" and "Journal" on masthead, Apr. 4, 1990-Mar. 4, 1992.</subfield></datafield><datafield ind1=" " ind2="0" tag="651"><subfield code="a">Franklin Park (Ill.)</subfield><subfield code="v">Newspapers.</subfield></datafield><datafield ind1=" " ind2="0" tag="651"><subfield code="a">Northlake (Ill.)</subfield><subfield code="v">Newspapers.</subfield></datafield><datafield ind1=" " ind2="0" tag="651"><subfield code="a">Rosemont (Ill.)</subfield><subfield code="v">Newspapers.</subfield></datafield><datafield ind1=" " ind2="7" tag="651"><subfield code="a">Illinois</subfield><subfield code="z">Rosemont</subfield><subfield code="2">fast</subfield><subfield code="0">(OCoLC)fst01205218</subfield></datafield><datafield ind1=" " ind2="7" tag="651"><subfield code="a">Illinois</subfield><subfield code="z">Franklin Park.</subfield><subfield code="2">fast</subfield><subfield code="0">(OCoLC)fst01226533</subfield></datafield><datafield ind1=" " ind2="7" tag="651"><subfield code="a">Illinois</subfield><subfield code="z">Northlake.</subfield><subfield code="2">fast</subfield><subfield code="0">(OCoLC)fst01250363</subfield></datafield><datafield ind1=" " ind2="7" tag="655"><subfield code="a">Newspapers.</subfield><subfield code="2">fast</subfield><subfield code="0">(OCoLC)fst01423814</subfield></datafield><datafield ind1=" " ind2=" " tag="752"><subfield code="a">United States</subfield><subfield code="b">Illinois</subfield><subfield code="c">Cook</subfield><subfield code="d">Oak Park.</subfield></datafield><datafield ind1="0" ind2="0" tag="780"><subfield code="t">Franklin Park herald-journal with news of Northlake</subfield><subfield code="w">(DLC)sn 83000730</subfield><subfield code="w">(OCoLC)9108920</subfield></datafield><datafield ind1="0" ind2="5" tag="780"><subfield code="t">Rosemont times (Glenview, Ill.)</subfield><subfield code="w">(DLC)sn 96003233</subfield><subfield code="w">(OCoLC)34345477</subfield></datafield><datafield ind1="1" ind2=" " tag="029"><subfield code="a">AU@</subfield><subfield code="b">000020556003</subfield></datafield></record>